@article{ben-nun_hoefler_2019,
  title   = {Demystifying Parallel and Distributed Deep Learning},
  volume  = {52},
  doi     = {10.1145/3320060},
  number  = {4},
  journal = {ACM Computing Surveys},
  author  = {Ben-Nun, Tal and Hoefler, Torsten},
  year    = {2019},
  pages   = {1–43}
}
@misc{brownlee_2020,
  title   = {Use Keras Deep Learning Models with Scikit-Learn in Python},
  url     = {https://machinelearningmastery.com/use-keras-deep-learning-models-scikit-learn-python/},
  journal = {Machine Learning Mastery},
  author  = {Brownlee, Jason},
  year    = {2020},
  month   = {Aug}
}
@misc{pew_research_center,
  title     = {Demographics of Internet and Home Broadband Usage in the United States},
  url       = {https://www.pewresearch.org/internet/fact-sheet/internet-broadband/},
  journal   = {Pew Research Center: Internet, Science & Tech},
  publisher = {Pew Research Center},
  year      = {2020},
  month     = {Jun}
}
@book{ivakhnenko_lapa_1967,
  place     = {New York},
  title     = {Cybernetics and forecasting techniques},
  publisher = {American Elsevier},
  author    = {Ivakhnenko, A. G. and Lapa, V. G.},
  year      = {1967}
}
@article{ivakhnenko_1971,
  title   = {Polynomial Theory of Complex Systems},
  volume  = {SMC-1},
  doi     = {10.1109/tsmc.1971.4308320},
  number  = {4},
  journal = {IEEE Transactions on Systems, Man, and Cybernetics},
  author  = {Ivakhnenko, A. G.},
  year    = {1971},
  pages   = {364–378}
}
@misc{kostadinov_2019,
  title     = {Understanding Backpropagation Algorithm},
  url       = {https://towardsdatascience.com/understanding-backpropagation-algorithm-7bb3aa2f95fd},
  journal   = {Medium},
  publisher = {Towards Data Science},
  author    = {Kostadinov, Simeon},
  year      = {2019},
  month     = {Aug}
}
@misc{luhaniwal_2020,
  title     = {Forward propagation in neural networks - Simplified math and code version},
  url       = {https://towardsdatascience.com/forward-propagation-in-neural-networks-simplified-math-and-code-version-bbcfef6f9250},
  journal   = {Medium},
  publisher = {Towards Data Science},
  author    = {Luhaniwal, Vikashraj},
  year      = {2020},
  month     = {Oct}
}
@misc{passmark_software,
  title   = {PassMark Video Card (GPU) Benchmarks - High End Video Cards},
  url     = {https://www.videocardbenchmark.net/high_end_gpus.html},
  journal = {PassMark Software}
}
@book{rumelhart_hinton_williams_1985,
  place     = {La Jolla, CA},
  title     = {Learning internal representations by error propagation},
  publisher = {Institute for Cognitive Science, University of California, San Diego},
  author    = {Rumelhart, David E. and Hinton, Geoffrey E. and Williams, Ronald J.},
  year      = {1985}
}
@article{rumelhart_hinton_williams_1986,
  title={Learning representations by back-propagating errors},
  author={D. Rumelhart and Geoffrey E. Hinton and R. J. Williams},
  journal={Nature},
  year={1986},
  volume={323},
  pages={533-536}
}
@inproceedings{inproceedings,
  author = {Parkhurst, Jeff and Darringer, John and Grundmann, Bill},
  year   = {2006},
  month  = {11},
  pages  = {67-72},
  title  = {From Single Core to Multi-Core: Preparing for a new exponential},
  doi    = {10.1109/ICCAD.2006.320067}
}
@article{nickolls_dally_2010,
  title   = {The GPU Computing Era},
  volume  = {30},
  doi     = {10.1109/mm.2010.41},
  number  = {2},
  journal = {IEEE Micro},
  author  = {Nickolls, John and Dally, William J},
  year    = {2010},
  pages   = {56–69}
}
@article{deng_dong_socher_li_li_fei-fei_2009,
  title   = {ImageNet: A large-scale hierarchical image database},
  doi     = {10.1109/cvprw.2009.5206848},
  journal = {2009 IEEE Conference on Computer Vision and Pattern Recognition},
  author  = {Deng, Jia and Dong, Wei and Socher, R. and Li, Li-Jia and Li, Kai and Fei-Fei, Li},
  year    = {2009}
}
@article{hornik_1991,
  title   = {Approximation capabilities of multilayer feedforward networks},
  volume  = {4},
  doi     = {10.1016/0893-6080(91)90009-t},
  number  = {2},
  journal = {Neural Networks},
  author  = {Hornik, Kurt},
  year    = {1991},
  pages   = {251–257}
}
@misc{ruder2017overview,
  title         = {An overview of gradient descent optimization algorithms},
  author        = {Sebastian Ruder},
  year          = {2017},
  eprint        = {1609.04747},
  archiveprefix = {arXiv},
  primaryclass  = {cs.LG}
}
@misc{ekanayake,
  title     = {Model Parallelism in Deep Learning is NOT What You Think},
  url       = {https://medium.com/@esaliya/model-parallelism-in-deep-learning-is-not-what-you-think-94d2f81e82ed},
  journal   = {Medium},
  publisher = {Towards Data Science},
  author    = {Ekanayake, Saliya},
  year      = {2018},
  month     = {Nov}
}